2968 4906
249 361 314 428 filli
577 377 787 428 s.anaan11
814 377 1013 428 rnorearrr

252 519 353 602 Quod
367 541 435 588 non
448 519 590 587 infames
604 527 738 586 exercet
753 541 891 607 corpore
905 523 1006 588 ludos

295 624 384 689 Inter
395 625 557 690 luctantes
571 624 661 690 nuda
673 626 786 709 puella
799 627 911 707 viros3

252 724 336 792 Cum
351 726 421 810 pila
433 727 542 792 veloci
555 725 640 792 fallit
652 747 710 810 per
721 727 858 794 brachia
867 729 976 813 jectu,

295 829 452 911 Increpat
466 829 603 892 cinerei
618 829 723 894 clavis
736 829 868 894 adunca
882 831 1006 912 trocbi3

252 931 552 1015 Pulvernlentaqne
567 929 610 994 ad
624 939 789 996 extremas
805 935 871 996 stat
884 929 1023 996 loemina
1035 939 1154 1010 metas,

294 1033 339 1098 Et
352 1035 478 1119 patitur
492 1033 575 1098 duro
589 1034 728 1100 vulnera
742 1033 933 1119 pancrati03

255 1239 305 1287 tria
316 1239 433 1301 poledroe
442 1237 564 1302 puellaris,
573 1253 618 1302 pas
628 1241 710 1304 parile
720 1241 816 1288 ardum
826 1239 913 1290 lacteas
922 1243 1033 1289 samosat
1043 1253 1095 1288 cass
1104 1235 1207 1288 asum
1216 1235 1340 1286 miurin-

253 1303 317 1351 titas
323 1318 333 1360 ,·
356 1305 448 1366 parada
465 1303 517 1366 pila
534 1304 604 1353 celeri
623 1307 689 1368 lupas
709 1303 795 1368 effugit
814 1318 905 1366 musas,
922 1321 949 1352 rc
968 1305 1041 1352 chris
1059 1303 1157 1352 incar-ou
1172 1301 1248 1350 troobi
1264 1299 1337 1348 ootrli

253 1367 362 1432 crepitet,
371 1372 395 1418 et
403 1369 480 1432 psello
493 1369 587 1432 paloere
602 1369 696 1418 sordida
706 1371 738 1418 ad
748 1369 844 1418 satan
854 1369 961 1418 aaran
976 1373 1058 1429 muns,
1072 1369 1199 1432 plamae
1209 1367 1340 1430 perpetitar

254 1625 332 1676 etiarn
349 1625 519 1676 dissentiebat
535 1625 640 1678 Marii?
665 1627 797 1679 Banu—8
822 1626 943 1678 ‘Aurata
963 1627 1075 1678 debetur
1090 1627 1146 1677 brec
1166 1631 1217 1676 tam
1234 1625 1342 1692 pnlcbra

254 1691 386 1754 restitutio
395 1691 438 1739 rori
447 1692 535 1752 londes,
554 1691 680 1754 prodente
700 1691 761 1742 Gul.
777 1692 889 1742 Cautero
901 1706 934 1742 rr.
956 1693 1025 1742 Nor.
1042 1693 1115 1743 beet.
1127 1695 1166 1742 u.
1200 1691 1280 1741 itaet
1291 1691 1342 1741 Co·

253 1756 341 1805 lamna
359 1753 450 1804 citavit
462 1753 494 1804 ad
511 1755 618 1804 Ennium
635 1770 660 1818 p.
671 1759 729 1805 8⁰1.
762 1757 827 1808 Quae
844 1759 930 1806 tameo
950 1758 1019 1806 trullo
1039 1757 1116 1806 modo
1133 1756 1236 1820 placere
1255 1756 1342 1818 potnit

254 1819 337 1878 Titio,
348 1827 460 1868 veterem
473 1819 533 1869 lact.
546 1820 635 1868 insano
651 1819 781 1870 molimine
797 1820 949 1872 defendenti
961 1835 998 1872 tv.
1017 1822 1081 1871 boc.
1093 1823 1181 1870 contr.
1191 1824 1214 1869 l.
1248 1819 1343 1885 Neque

254 1883 295 1932 ial
315 1895 343 1932 se
352 1883 504 1948 resipiscere
513 1883 589 1934 etiam
597 1884 677 1934 soluit
686 1885 711 1934 in
723 1884 924 1948 Assertiouibus‚
933 1886 1105 1950 quamvisjam
1117 1885 1220 1934 meliora
1232 1884 1341 1934 edoctus

255 1947 289 1998 ab
325 1961 390 1996 rone
402 1948 559 1998 Villiomaro.
603 1947 680 1998 Hunc
699 1965 795 2000 cacum
819 1951 910 2000 ducem
929 1961 1033 2001 occutus
1055 1958 1095 1999 ert
1113 1963 1164 1999 non
1183 1949 1223 1998 ita
1241 1947 1341 2012 pridem

254 2011 393 2061 letbasar
403 2011 551 2062 Bonifatius
561 2025 600 2062 ιι.
611 2013 680 2062 Hiar.
693 2015 795 2065 Ludier.
807 2015 855 2065 28!
873 2016 980 2065 Broairlt.
1007 2015 1116 2064 ‘lauder
1127 2027 1174 2078 pro
1186 2014 1251 2062 lsdos
1262 2021 1302 2063 est
1315 2015 1342 2064 in

255 2076 317 2126 libb.
329 2077 419 2140 script.
430 2085 458 2126 et
468 2077 528 2126 edd.
544 2085 597 2126 sut.
611 2079 672 2127 sitio
684 2078 762 2128 intimi
773 2081 877 2129 soeculi!
893 2080 981 2130 Burtb.
1013 2081 1020 2108 ¹
1033 2079 1110 2128 Ludos
1121 2079 1187 2127 bene
1198 2078 1225 2127 in
1240 2092 1287 2127 sua
1297 2077 1341 2128 ed.

255 2143 384 2205 expressit
401 2141 525 2206 Scaliger.
564 2141 642 2203 tirio,
655 2135 747 2206 “neque
765 2158 781 2192 a
797 2144 928 2209 scaligero
944 2144 991 2193 snb
1002 2144 1051 2194 Yr.
1077 2142 1222 2192 Villiomsri
1240 2143 1343 2192 nomino

255 2205 363 2256 meliora
378 2205 480 2268 edocto,
496 2205 575 2256 etlam
591 2205 688 2270 objecit
706 2207 849 2272 Scioppius
860 2223 879 2258 ι,
894 2209 1014 2257 Verisim.
1026 2211 1066 2258 ll.
1082 2207 1254 2257 locutionem‘
1267 2221 1342 2256 exer-

256 2285 317 2320 cere
327 2270 432 2320 landes'
443 2283 571 2335 uunquam
582 2269 685 2333 probari
704 2285 789 2335 posse,
805 2273 922 2322 Latinam
934 2287 1001 2322 esse.
1034 2271 1102 2324 Quia
1114 2285 1174 2321 vero
1185 2272 1264 2320 luadrr
1274 2271 1342 2322 male

255 2335 281 2384 in
299 2334 358 2384 edd.
370 2335 478 2384 vetustis
490 2335 634 2398 legebatur,
644 2335 702 2384 irinc
713 2335 770 2385 eod.
781 2336 857 2386 modo
867 2337 951 2388 locum
968 2338 993 2386 b.
1007 2336 1084 2385 etiam
1102 2333 1213 2386 aderunt
1229 2336 1344 2400 plorimi,

256 2399 300 2464 uni
312 2399 345 2450 de
357 2399 480 2463 agonibus
499 2400 663 2464 gymnasticis
685 2401 854 2464 scripserunt,
875 2400 1054 2466 prateriiler.
1075 2401 1256 2450 Mercurialem
1269 2414 1287 2450 ι.
1308 2399 1342 2448 rle

255 2465 467 2530 llrtoGymnast.
479 2467 503 2514 7.
521 2478 562 2527 ap.
579 2477 653 2528 quem
671 2479 708 2514 rx.
726 2479 747 2514 r.
766 2466 841 2528 lacios,
853 2466 907 2516 sire
926 2479 958 2515 ea
969 2465 1021 2514 Μι.
1043 2465 1098 2514 aive
1119 2477 1152 2513 ex
1171 2479 1217 2514 sua
1233 2465 1346 2514 emend!

255 2529 341 2579 Baua.
372 2531 380 2558 ⁶
393 2530 486 2578 laudes
495 2537 571 2577 retus
582 2529 643 2578 lect.
655 2543 730 2592 quarn
742 2531 808 2578 male
826 2539 913 2579 tuetur
922 2531 1003 2580 Titius
1017 2541 1056 2579 tr.
1080 2531 1170 2578 boeot.
1183 2529 1306 2580 controv.
1315 2535 1340 2580 i.

256 2593 339 2642 Immo
352 2607 413 2642 sero
423 2593 588 2642 Vllllontarus
608 2593 673 2657 legit
689 2595 764 2654 iudos,
782 2609 834 2643 non
853 2595 925 2644 bene.
959 2593 1067 2658 Optima
1078 2596 1145 2642 enim
1157 2601 1233 2643 votus
1244 2593 1341 2656 lecti03

254 2671 313 2706 usur
325 2657 420 2707 laetam
432 2671 548 2706 noneste
565 2655 685 2707 infamem
697 2659 796 2708 laudem
811 2659 866 2722 quir
878 2673 928 2708 non
940 2657 1085 2720 intelligitl'
1118 2657 1239 2726 Demeter.
1250 2671 1292 2709 ιιι.
1313 2659 1343 2708 de

256 2722 342 2771 Etru:
361 2722 423 2784 Reg.
439 2736 496 2786 esp.
507 2726 547 2772 tt.
568 2736 594 2785 p.
606 2727 663 2772 att.
697 2722 795 2772 ‘Ludos
806 2725 902 2787 optime
918 2722 992 2772 Aur!
1007 2723 1152 2771 Luctum-ll
1169 2726 1177 2752 ⁸
1193 2723 1284 2772 Velsrr'a
1302 2723 1344 2772 vel

254 2786 439 2848 ceucrisjoctu
449 2787 511 2836 libb.
523 2787 612 2850 script.
624 2794 653 2836 et
664 2787 724 2836 cus't
763 2787 913 2850 Veloriircta
923 2795 988 2836 este
1003 2787 1098 2854 scalig.
1114 2787 1214 2838 emend.
1226 2787 1341 2838 Brouklr.

255 2851 333 2916 vulp.
348 2860 375 2900 et
387 2851 462 2903 Gdlt.
476 2851 548 2915 prob.
580 2850 641 2912 sed,
653 2851 673 2900 tl
684 2852 768 2902 celarit
777 2851 858 2912 judas
873 2852 986 2902 secando
997 2867 1057 2902 casu
1068 2851 1189 2918 accipias.
1199 2851 1234 2904 id.
1255 2865 1343 2902 sensns

254 2915 322 2968 erit!
339 2915 428 2970 Burtlr.
460 2915 535 2964 ‘Noa
549 2915 600 2980 pila
611 2915 743 2968 Heinsian.
780 2917 959 2980 Velociajnctas
975 2931 1042 2966 omn.
1061 2915 1136 2966 codd.
1155 2915 1296 2981 Excerpta,
1316 2923 1345 2966 et

255 2980 315 3031 edd.
326 2988 445 3044 vetustte,
461 2981 509 3030 uisi
522 2981 589 3046 quod
601 2983 688 3030 celoces
705 2982 730 3030 in
744 2981 815 3030 Leid.
823 2986 847 3030 2.
861 2983 934 3032 Voss.
944 2985 969 3030 3.
981 2979 1046 3030 asa.
1080 2981 1195 3043 Legebat
1206 2980 1277 3058 Gup.
1289 2981 1342 3030 Nec

273 3045 387 3108 melotis.
397 3061 448 3095 cart
459 3045 557 3106 bireta
569 3045 632 3094 laer.
644 3051 685 3094 nat
696 3061 718 3093 u.
733 3047 773 3107 da.
805 3046 907 3094 Adverti
917 3045 981 3095 Asis.
1001 3053 1029 3094 et
1044 3059 1116 3094 meus
1126 3049 1149 3096 l.
1184 3045 1261 3095 Veloci
1271 3045 1343 3106 joela

254 3061 349 3172 gedig.
374 3107 669 3172 Velocisioclasprafert
678 3109 816 3158 Passerat!
834 3111 919 3159 Barsa
953 3110 1187 3160 Etbsuclect.nra
1216 3125 1227 3158 s
1257 3111 1342 3160 lauatu

255 3186 449 3288 ξιὲξειῧιοιιιιί
462 3174 610 3287 ριῗιαιὶιιὲιῐ
622 3173 774 3286 urbm-ht
791 3174 941 3288 ‘Berbdfth
960 3173 1013 3250 §ed
1024 3175 1084 3249 nibil
1095 3181 1182 3288 urata?
1193 3123 1344 3291 AEmkti.

255 3251 1344 3436 uuiletufiilialemillilliumit·

256 3434 352 3481 secutis
364 3430 423 3481 edd.
443 3437 597 3491 correctum,
616 3429 661 3479 sed
681 3431 756 3480 litera
770 3431 859 3496 majori
872 3433 999 3482 Peroratio
1010 3446 1140 3494 excursum,
1159 3441 1280 3496 tanquam
1291 3433 1343 3482 alti

256 3509 348 3545 nomen
359 3497 491 3560 proprium
504 3503 588 3555 esset;
611 3494 688 3559 idque
705 3493 787 3544 fraudi
807 3495 856 3546 fult
869 3497 984 3554 Petreio,
996 3497 1039 3561 qul
1055 3497 1163 3560 margini
1181 3496 1283 3546 Aldinae
1300 3497 1343 3547 ed.

256 3562 410 3623 ascripserat
428 3575 475 3624 pro
488 3561 609 3610 lemmate
621 3560 776 3610 Passeratius
792 3561 899 3611 ridiculo
910 3561 974 3610 satis
985 3575 1090 3620 errore;
1115 3561 1157 3609 cui
1169 3561 1265 3610 rimiles
1276 3575 1344 3611 cour·

255 3627 381 3676 ntiaernnt
391 3639 462 3690 steps
479 3625 524 3676 alil
540 3624 639 3675 vitiosis
656 3625 724 3674 illius
741 3627 825 3675 atatis
840 3625 902 3676 edd.
913 3625 1036 3691 decepti!
1054 3627 1140 3678 lta-t
1156 3625 1206 3676 ‘ln
1218 3633 1306 3678 nostro
1319 3631 1343 3678 l.

746 3765 852 3818 NOTAE

287 3889 303 3934 t
328 3881 550 3947 Palotraieutopae]
578 3883 684 3932 cunum
703 3881 778 3946 signi·
818 3881 851 3931 tis
869 3877 1094 3942 corporisrlribns
1112 3884 1238 3928 certatur.
1271 3879 1344 3930 Non·

254 3965 325 4015 licat.
358 3961 469 4011 Diceret
487 3975 548 4011 rcro
568 3960 661 4011 Horat.
693 3960 776 4009 ‘Non
817 3957 879 4006 nolli
901 3956 990 4005 volunt
1010 3969 1067 4004 esse
1086 3954 1254 4018 Pentatblon,
1274 3954 1343 4020 qnod

253 4039 374 4091 indecoro
385 4037 490 4101 pulvere
502 4035 624 4086 sordida.⁸
817 4035 909 4084 Festus
929 4037 1006 4080 uocat
1018 4031 1227 4094 obloquentium,
1237 4031 1299 4095 quia
1307 4031 1344 4080 nl·

287 4112 461 4176 SPoasrotlo]
478 4113 637 4163 Pancration
653 4125 699 4162 seu
715 4125 778 4176 pau·
818 4111 910 4159 mirum
933 4109 1046 4172 utrinque
1074 4107 1156 4155 modia
1182 4107 1345 4173 certabatur,

254 4193 361 4249 madum
372 4190 519 4243 certaminis
530 4203 609 4254 raom
618 4197 657 4240 est
675 4203 726 4259 qno
741 4195 779 4241 to·
818 4191 906 4250 cesto,
916 4183 1090 4246 onrsn‚salto‚
1100 4181 1269 4247 dissolutis.
