2968 4906
260 395 325 462 548
592 407 621 454 s,
644 405 803 456 sunnon
827 401 1028 452 euoennru

259 551 332 618 Ah!
356 551 487 635 quoties
501 547 660 634 pulchros
674 547 778 612 vulsit
792 545 904 627 regino
917 542 1072 626 capillos,

305 653 490 735 Molliaque
504 649 650 714 immites
663 647 742 712 fixit
755 647 789 711 in
803 665 863 710 orn
876 643 1013 708 manus!

265 753 337 819 Ah!
355 751 488 836 quoties
502 749 658 814 tumulum
675 747 788 831 pensis
802 745 953 810 oneravit
965 742 1101 826 iniquis,

305 851 349 920 Et
362 859 464 938 caput
478 853 513 918 in
527 851 610 916 dure
623 865 748 933 ponere
760 848 863 932 jussit
873 845 992 912 humo!

265 959 366 1040 Saepe
380 956 471 1020 illurn
486 953 662 1018 immundis
677 971 782 1036 passu
796 958 850 1015 est
862 949 1013 1014 habitere
1028 945 1191 1010 tenebris:

290 1057 555 1148 ,Vilemjejunae
570 1051 958 1136 seepenegnritnqusm.
1310 1045 1355 1110 20

261 1159 408 1242 Jupiter,
421 1154 580 1238 Antiopae
594 1173 758 1238 nusquam
774 1151 940 1218 succurris
953 1147 1091 1214 habenti

305 1259 373 1323 Tot
385 1257 496 1321 malui
520 1255 701 1338 corrumpit
715 1254 799 1318 duro
810 1257 932 1318 cetone
945 1269 1077 1316 munus.

265 1436 449 1500 medicurius
460 1436 554 1498 Dirce,
563 1453 592 1488 sc
603 1435 878 1497 recusante-meo
886 1433 1005 1498 segnibus
1014 1431 1134 1498 cppeti'dl
1149 1428 1226 1482 Hes!
1235 1430 1361 1494 Μία·

178 1513 180 1520 ’
263 1507 361 1566 qsestrr
370 1503 487 1564 mpticesa
499 1503 578 1550 Dirce
590 1502 668 1564 pessis
678 1501 776 1562 ieiunis
786 1500 912 1563 opprearit,
921 1515 950 1548 sc
964 1499 1041 1560 csi'git
1050 1501 1121 1560 cspst
1130 1495 1245 1545 rrciism
1259 1495 1285 1544 is
1300 1497 1361 1544 durs

265 1566 349 1616 terro!
366 1566 509 1628 Frequenter
518 1567 593 1627 ipsust
601 1565 773 1625 meis-it
786 1565 812 1612 in
823 1565 925 1612 sordidis
940 1579 968 1612 sc
983 1562 1085 1612 obscuis
1100 1559 1362 1622 tenebrisrsrrqsrater

265 1631 344 1682 etiam
355 1630 402 1693 ipsi
411 1629 663 1704 sitiscsrqrmectq
671 1643 754 1692 sqsosr
763 1628 834 1704 silrss
842 1627 975 1689 «inegerit.
1008 1627 1032 1676 0
1043 1626 1149 1690 Jupiter,
1161 1633 1188 1674 ιιι
1201 1639 1247 1674 sos
1257 1625 1363 1700 ubresir

264 1696 376 1757 Antiope
396 1698 432 1744 ros
449 1694 594 1743 comtes
608 1690 730 1755 pstreatii
753 1693 818 1756 Ejus
838 1699 924 1742 tamen
943 1690 1067 1742 formosas
1083 1688 1254 1749 moseres
1268 1691 1362 1739 macule

722 1801 767 1822 m
769 1801 902 1822 ΙΙΙΙΙΙΙΙ

265 1869 343 1920 codd.
355 1869 455 1920 lusenit
465 1875 493 1919 et
505 1867 624 1934 proheuit
638 1867 790 1920 Derosldua.
824 1868 888 1933 Lyce
905 1867 1023 1918 vindicat
1042 1867 1196 1918 Durum—lt
1214 1865 1288 1916 ‘Aut
1302 1867 1363 1916 sssr't

267 1933 392 1994 autisssit
414 1949 482 1983 omn.
497 1933 560 1984 libb.
589 1933 662 1983 Unus
682 1935 748 1996 Reg.
768 1934 845 1983 trusit
853 1950 864 1994 ,-
889 1947 939 1996 qno
960 1934 1036 1982 modo
1057 1931 1160 1993 Aldina,
1183 1931 1292 1996 eJusque
1310 1937 1362 1979 trs·

267 1997 346 2050 duces
358 1997 458 2062 Gryph.
475 1999 568 2048 Douss.
596 1997 692 2050 Verum
714 2004 756 2048 est
771 1998 840 2048 ussit.
883 1997 956 2047 Solus
978 1997 1147 2046 inventusest
1166 1995 1218 2046 Tit.
1238 1997 1362 2060 quicnlsit

268 2063 381 2127 legeret,
405 2075 425 2112 ι.
450 2063 512 2114 lcc.
533 2061 623 2113 contr.
650 2067 689 2112 lu.
712 2077 835 2126 ruentque
854 2061 992 2112 stultitiam
1009 2061 1102 2110 deiude
1123 2061 1151 2110 in
1172 2059 1363 2110 Assertiouibus

268 2128 476 2190 intemperanter
492 2133 677 2190 propugnaret.
711 2127 851 2190 Regiorum
870 2127 937 2176 alter
959 2139 992 2174 ex
1014 2125 1115 2176 duobus
1143 2123 1261 2174 distichis
1283 2139 1361 2174 unum

267 2189 341 2252 l'acit,
359 2191 418 2240 huic
440 2190 489 2253 ipsi
500 2191 652 2240 hexametro
677 2189 815 2254 subjiciens
843 2191 897 2240 ‘Et
912 2187 1009 2252 ceput’
1032 2192 1080 2239 &c
1106 2189 1143 2238 its
1159 2195 1188 2238 ut
1201 2204 1252 2240 ucu
1269 2203 1361 2253 agnos·

267 2262 311 2305 cat
327 2253 392 2304 duos
411 2253 509 2304 medios
531 2269 580 2306 ssa.
611 2255 770 2318 Perperam.’
798 2253 909 2304 Broslrh.
943 2253 1027 2303 ‘Ussit
1045 2253 1141 2304 Dresd.
1162 2253 1211 2302 Ed.
1240 2267 1280 2316 pr.
1305 2267 1364 2302 cnm

268 2319 344 2369 Brix.
355 2317 447 2368 Vener.
461 2316 520 2367 Ald.
533 2323 556 2367 l.
583 2317 679 2380 Vulpio
691 2319 769 2368 trsrit
780 2317 838 2367 cod.
849 2319 930 2368 Paris.
943 2318 1021 2381 [lieg.
1036 2325 1066 2367 ut
1082 2317 1206 2380 videtum]
1224 2326 1251 2367 et
1267 2317 1328 2366 Ald.
1340 2323 1364 2368 2.

267 2389 331 2434 cett.
348 2382 429 2446 magis
447 2381 588 2444 arridebat,
606 2395 690 2446 neque
709 2389 794 2432 tarnsu
815 2383 841 2432 in
859 2389 975 2432 context.
993 2383 1103 2447 recepit.
1141 2381 1217 2431 Vulsit
1234 2391 1279 2432 snt
1294 2383 1363 2432 reicit

267 2447 363 2497 lleins.
376 2461 434 2496 cum
449 2445 509 2497 'lit'
527 2445 617 2496 Barth.
651 2447 759 2496 ‘Totum
779 2447 805 2495 h.
824 2445 952 2496 distichon
970 2447 1090 2496 omissum
1105 2453 1147 2495 est
1164 2447 1190 2495 in
1207 2445 1249 2496 ed.
1274 2445 1361 2498 Grnv.

272 2511 359 2560 licuit
369 2511 395 2560 in
408 2509 516 2560 uelde
527 2509 591 2558 Aslr.
602 2511 717 2559 etunius
729 2510 804 2560 Colb.
815 2523 894 2566 mars.
905 2519 934 2560 ut
951 2512 977 2560 in
989 2511 1089 2574 Gryph.
1103 2517 1131 2560 et
1143 2511 1259 2560 Wechel.
1295 2512 1362 2560 Ussit

268 2575 394 2638 Groning.
403 2575 463 2622 Vat.
471 2579 495 2623 l.
506 2575 563 2624 Nea
583 2573 682 2624 .Pslat.
696 2579 720 2626 ι.
732 2574 762 2624 C.
773 2575 845 2624 Com.
855 2577 949 2624 venet.
958 2579 983 2624 A.
993 2576 1075 2639 Rheg.
1086 2575 1161 2628 Juut.
1173 2575 1255 2626 Coliu.
1266 2575 1361 2626 Ronill.

270 2639 387 2700 Canterl,
397 2638 507 2702 nliiquer
525 2647 553 2688 et
563 2589 623 2688 hnic
641 2637 703 2688 lect.
721 2636 811 2688 favent
822 2639 899 2688 codd.
911 2647 937 2689 et
948 2637 1008 2688 edd.
1020 2647 1086 2689 vett.
1105 2637 1130 2688 in
1144 2639 1323 2704 quibusjssrs't,
1334 2647 1364 2690 ut

268 2703 335 2766 Reg.
346 2705 371 2752 ².
382 2703 458 2751 Voss.
468 2707 492 2752 t.
504 2715 569 2752 unus
578 2703 663 2752 Pelet.
673 2717 745 2753 meus
754 2707 776 2751 1.
786 2703 889 2752 Virent.
901 2709 929 2752 et
938 2703 1024 2752 Volsci
1034 2703 1075 2754 ed.
1108 2703 1262 2767 Conjecerat
1272 2703 1364 2755 lleins.

267 2766 367 2830 serpsit,
377 2766 460 2829 sensit,
469 2767 545 2826 uellit,
556 2767 597 2816 rel
609 2767 686 2816 vulsit.
723 2767 800 2816 Vslsit
809 2781 910 2832 quoque
920 2767 972 2816 Tit.
984 2767 1031 2817 sed
1044 2783 1118 2832 quem
1136 2769 1273 2831 castigavit
1283 2769 1365 2818 Scali-

268 2845 316 2896 ger
333 2831 381 2882 sub
393 2831 490 2880 Yvouis
504 2829 647 2880 Villiorneri
665 2832 776 2893 nornine,
789 2847 821 2944 (p.
838 2831 888 2881 22!
905 2831 990 2880 Bursa
1022 2831 1286 2896 ‘Quomodocuurque
1303 2835 1364 2882 sssit

266 2895 458 2960 interpreteris,
478 2893 573 2958 frigide
591 2897 721 2945 sententis
740 2911 786 2960 pro
809 2894 866 2946 ibit.
893 2895 1047 2959 Recipiend.
1070 2895 1158 2960 putari
1177 2896 1265 2948 snut:
1282 2897 1363 2946 linio.

272 2959 599 3010 omissorum-re
610 2959 908 3024 innotescentiam
920 2961 995 3008 Borr.
1007 2959 1098 3010 Leidd.
1108 2963 1183 3010 Voss.
1195 2965 1217 3012 1.
1228 2965 1252 3010 ⁸.
1264 2959 1363 3012 Dorus.

269 3023 394 3074 Duroni.
426 3023 653 3074 lorssitessPalstt.
682 3025 768 3074 fissit
780 3023 866 3073 ΡιΙιι.
879 3027 901 3072 1.
915 3023 944 3072 C.
958 3023 1029 3073 Com.
1040 3025 1210 3074 BonGroniu
1230 3025 1363 3077 .l)orv.2.

270 3092 335 3136 —lt
349 3089 465 3137 Dnmnet
476 3088 564 3136 Burin.
575 3088 695 3150 impensis,
713 3089 781 3150 qnod
793 3088 819 3136 ln
831 3087 940 3137 Mentel.
951 3094 977 3135 et
989 3092 1136 3140 such-19
1152 3089 1212 3138 late
1243 3089 1249 3102 '
1271 3089 1363 3140 Heius.

268 3148 300 3197 sd
312 3165 393 3212 marg.
403 3151 445 3200 ed.
456 3151 516 3200 Ald.
528 3151 570 3200 rel
580 3153 685 3200 meanis
700 3151 733 3200 sd
746 3151 824 3216 Prop.
836 3165 861 3214 p.
877 3155 936 3201 710.
960 3151 1002 3201 ld.
1018 3152 1121 3202 cubitare
1138 3167 1185 3214 pro
1196 3152 1249 3203 inb.
1260 3167 1364 3204 eorrex-

268 3217 398 3264 και-ιι
421 3213 543 3264 δωιιπὲι
562 3215 626 3264 Bon.
655 3216 742 3264 lirum.
763 3215 1073 3280 canusiumque
1094 3217 1120 3266 in
1140 3217 1216 3268 Borr.
1232 3225 1260 3266 et
1275 3231 1321 3268 suo
1340 3225 1363 3268 1.

268 3279 367 3328 Asrcsti
378 3279 443 3330 Exn.
453 3278 521 3330 Scri.
555 3279 645 3328 Voluit
654 3279 777 3330 Heinsius
784 3279 900 3330 munis
907 3275 1002 3342 egendi
1020 3281 1156 3346 Corrumpit
1168 3287 1260 3332 tesam
1268 3283 1292 3331 d.
1303 3299 1365 3336 cst.

760 3391 870 3443 NOTAE

267 3489 392 3548 verteret,
423 3485 556 3550 suspicata
583 3487 679 3551 Lycum
711 3487 794 3538 virum
834 3487 897 3538 mito
908 3488 1037 3554 alligstam
1046 3487 1107 3538 diris
1116 3489 1274 3540 cmclatibns
1284 3489 1364 3540 lenie-

267 3575 341 3611 snum
351 3563 482 3612 clamcum
491 3561 606 3627 Antiope
616 3563 794 3628 concubuisse,
835 3569 906 3625 runt,
917 3563 998 3614 donec
1014 3563 1094 3628 ipsius
1110 3565 1229 3615 Bacchus
1245 3565 1363 3614 misertos

266 3636 370 3688 ferrulis
396 3638 544 3702 imperarit,
569 3649 599 3689 ut
631 3641 795 3692 tenebricoso
836 3653 892 3689 estu
904 3640 929 3689 lu
941 3639 1040 3691 fontan
1057 3641 1096 3690 sul
1113 3641 1229 3702 nominis,
1247 3641 1290 3705 qni
1303 3640 1364 3691 Dir-

267 3729 373 3764 carcere
395 3729 453 3764 esur
474 3713 645 3765 includerent.
676 3716 737 3780 Sed,
758 3717 796 3767 in·
837 3731 905 3766 crenr
916 3723 955 3766 est
965 3718 1121 3782 appelletur,
1131 3718 1306 3768 commutarlt.

239 3799 241 3806 ’
267 3799 355 3840 stante
367 3797 455 3854 pertus
467 3787 593 3854 tempore,
610 3793 717 3842 vinculis
732 3792 796 3842 libe·
867 3793 942 3860 hym]
963 3795 1048 3858 Lycus
1071 3809 1117 3844 rex
1138 3793 1189 3844 fuit
1205 3795 1363 3857 Thebarum,

266 3875 323 3915 rsts
335 3865 448 3929 Antiope
460 3866 485 3915 iu
497 3875 610 3916 montem
625 3867 796 3930 Citherouem
837 3870 932 3936 Nyctei
948 3869 1038 3936 l'rster,
1052 3873 1097 3938 qni
1113 3872 1237 3922 secundus
1258 3874 1363 3937 nuptias

266 3939 393 4005 confugit,
409 3939 453 3989 ubi
463 3939 573 3990 Zethum
585 3949 612 3991 et
624 3941 795 4006 Amphionem
836 3960 894 3997 cum
912 3947 992 3998 Dirce
1008 3949 1148 4012 contruxit,
1162 3957 1297 4014 postquam
1309 3947 1364 4000 An-

268 4015 391 4080 gemellcs
411 4016 525 4079 peperit,
546 4017 589 4080 qul
611 4033 627 4066 a
647 4019 795 4081 pectoribus
835 4022 923 4086 tiopen
951 4023 1149 4088 repudiarisset,
1170 4025 1273 4092 quique,
1295 4025 1364 4092 quod

266 4090 382 4153 educati,
403 4089 578 4155 certioresque
597 4089 661 4142 fecti
686 4101 795 4144 matrem
836 4097 970 4163 Antiopen
979 4101 1067 4150 Dirc:
1075 4099 1237 4150 rrucinndsm
1248 4099 1366 4150 tredidis·

266 4183 336 4216 sunm
355 4181 370 4216 a
387 4165 478 4225 Dirce,
497 4167 624 4228 quomodo
640 4167 797 4234 dictumest,
837 4181 887 4235 set,
898 4189 912 4224 ι
925 4176 1054 4225 Mercurio
1062 4175 1150 4239 jussus
1168 4185 1208 4227 est
1224 4175 1363 4242 Amphioni

267 4241 346 4292 sitisse
367 4243 517 4304 cruciutenr,
531 4243 628 4294 Dircen
642 4252 714 4295 teuro
726 4246 796 4296 indo·
838 4265 943 4314 regnum
954 4251 1106 4302 concedere.
1127 4303 1132 4314 ,
