2968 4906
262 371 327 440 ete
594 387 622 434 s.
646 385 802 434 innuen
828 385 1025 434 nuornn'rn

264 535 329 600 lile
342 531 440 600 rudes
454 531 592 609 animos,
607 551 665 616 per
677 535 793 594 noctes
805 529 945 593 conseia
959 528 1085 612 primes

308 633 444 713 Imbuit,
458 635 522 698 heu
537 633 545 696 ἔ
566 633 666 697 nullis
681 637 781 714 capte
797 630 948 714 Lycinna
962 630 1063 694 detis.

264 738 410 816 Tertius,
424 737 514 802 haud
529 737 634 800 multo
647 735 756 800 minna
771 741 835 812 est,
850 751 926 798 cum
942 732 1076 796 ducitur
1090 751 1220 812 ennns3

308 839 380 906 Vix
394 839 529 904 memini
543 839 639 904 nobis
651 837 754 902 verbu
769 837 880 902 coisse
895 833 1021 898 decem.

266 941 395 1008 cuncta
409 947 486 1006 tuus
502 939 656 1024 sepelivit
670 957 779 1003 amor:
802 957 864 1004 nec
881 937 1016 1002 ioemina
1032 943 1114 1020 post
1129 944 1161 1002 te

310 1043 393 1108 Ulla
406 1041 498 1106 dedit
512 1040 600 1104 collo
615 1040 728 1104 dulcia
744 1039 854 1104 uincla
868 1059 953 1104 meo.
1316 1039 1356 1104 1⁰

269 1145 318 1210 At
331 1151 366 1210 tu
380 1163 445 1208 non
460 1143 609 1208 meritum
625 1161 747 1225 parcae
761 1161 883 1206 vexare
897 1140 1094 1225 Lycinnam.

310 1245 430 1311 Nescit
444 1252 555 1310 vestra
568 1263 667 1309 ruens
683 1245 732 1308 ira
743 1243 860 1307 referre
874 1244 1005 1326 pedem.

265 1399 368 1462 poteetoe
378 1391 512 1444 eutecieedi
522 1393 585 1442 riom
595 1393 688 1442 omre.
722 1391 807 1443 Edon!
823 1391 869 1440 icto
881 1391 995 1456 iperium,
1006 1391 1132 1455 quondam
1144 1392 1215 1442 notus
1225 1396 1360 1455 expugnate

267 1459 408 1520 meaeridue,
418 1459 517 1508 tironem
525 1473 561 1506 ore
574 1457 650 1521 perito
661 1457 739 1506 merit
749 1455 835 1520 primia
843 1459 948 1506 coctione
960 1460 1047 1505 remmia
1057 1459 1197 1506 rudimento.
1224 1459 1278 1508 Non
1287 1459 1360 1506 mutto

266 1525 344 1574 minoe
353 1537 421 1588 quom
427 1525 512 1572 tertiae
519 1521 646 1582 camajano
653 1523 764 1583 uertitur,
771 1536 802 1570 ex
810 1537 853 1582 quo
864 1537 909 1570 aea
916 1523 1024 1570 recordor
1031 1522 1213 1570 internoscere«
1221 1523 1299 1571 deceat
1307 1537 1360 1569 coa-

267 1589 363 1638 reniret.
382 1589 515 1638 ,ittoortoue
527 1587 576 1634 ieta
584 1585 681 1634 otetuttt
690 1587 775 1646 omnio,
787 1600 827 1634 nec
837 1587 884 1634 utto
893 1592 944 1648 poet
954 1592 977 1633 te
987 1589 1063 1650 puettr
1074 1586 1258 1646 dioridoeiqiecit
1265 1593 1361 1636 ecteaoe

266 1669 323 1702 taece
330 1652 427 1701 cervici:
442 1653 483 1700 ted
490 1656 516 1699 tu
523 1651 664 1698 innocentem
672 1649 897 1713 deeiaoeLycianom
905 1651 1023 1708 crnciore,·
1045 1651 1166 1699 irccnedio
1174 1657 1252 1700 oestro
1257 1667 1361 1715 precept

269 1723 294 1768 et
312 1720 425 1782 imputent
448 1729 495 1764 noe
514 1719 591 1778 poteet
608 1727 716 1764 reuocare
732 1719 841 1778 modum.
875 1715 960 1778 Dirce,
976 1721 1115 1780 etuprotom
1129 1715 1364 1781 reparacterico

724 1824 856 1844 enecone
859 1823 903 1844 ue

268 1893 382 1944 adinton.
415 1891 526 1941 inanito
537 1891 625 1940 horem
635 1893 748 1941 omniurn
760 1893 888 1956 codicum,
899 1899 928 1942 ot
938 1891 1020 1954 vider,
1031 1893 1092 1942 iilud
1105 1893 1227 1942 eceelotar
1235 1893 1361 1960 recipici·

266 1967 326 2010 eur:
344 1956 389 2006 eed
402 1957 518 2022 plerique
528 1956 676 2019 conspirent
686 1958 711 2006 in
722 1963 758 2006 eet
768 1959 864 2006 retotoe.
897 1957 953 2006 Hm
967 1959 1044 2019 igitur
1054 1959 1079 2007 in
1096 1966 1170 2007 textu
1181 1965 1286 2008 eecntns
1298 1973 1361 2009 snm.

268 2023 300 2074 ln
311 2021 389 2072 Aidd.
415 2037 507 2085 noque,
517 2022 534 2074 J
538 2029 591 2070 unt·
612 2022 695 2071 cotun.
709 2022 810 2085 Gryph.
824 2023 933 2086 aliisque
955 2023 987 2072 Ut
998 2023 1057 2071 etit
1069 2028 1226 2088 protextaep.
1238 2040 1259 2072 e.
1270 2025 1362 2074 oeiotae

266 2090 363 2138 eatete.
396 2035 501 2150 doyeto
519 2085 621 2148 legend.
633 2086 853 2148 ridebatnrpudor
863 2093 899 2136 eet
915 2089 1004 2136 etotue:
1022 2087 1088 2151 qnod
1097 2088 1200 2136 mininie
1211 2088 1360 2138 absordum.

266 2153 317 2202 Sed
328 2151 457 2201 blanditur
467 2150 542 2199 eotde
554 2151 653 2198 licinaii
666 2151 827 2214 conjectura,
838 2165 913 2216 qnam
923 2151 1024 2200 Atrine
1041 2152 1082 2203 ed.
1091 2153 1225 2216 eiieveret,
1256 2153 1290 2201 itt
1301 2153 1362 2202 nter

265 2221 382 2282 piueieato
392 2231 415 2278 p.
425 2229 446 2264 e.
458 2215 548 2264 ottetee
558 2214 664 2264 amictu!
683 2217 768 2264 tinem.
801 2217 895 2278 ‘Vutg.
906 2217 968 2264 leet.
983 2217 1016 2265 Ut
1026 2233 1057 2266 aa.
1066 2222 1191 2281 protecte
1196 2231 1222 2282 p.
1237 2232 1258 2266 e.
1269 2217 1362 2266 eetotue

265 2281 354 2332 etaiete
364 2279 486 2344 frigidum
502 2293 604 2328 eenenm
617 2279 693 2342 perit.
731 2280 829 2329 Vetatua
839 2295 896 2330 enm
909 2281 996 2329 entim
1008 2283 1134 2344 gioeeeme
1150 2283 1226 2345 sepit.
1260 2282 1361 2346 Recepi

268 2347 371 2397 emend.
387 2345 497 2410 Gnyeti,
516 2343 708 2393 eioteeoretetess
726 2345 804 2394 Knin.
837 2348 929 2394 ‘tinne
950 2345 1081 2395 referente
1092 2355 1121 2394 et
1138 2346 1212 2396 unice
1231 2345 1360 2410 probante

267 2411 421 2462 Ruhnkenio
432 2411 458 2457 in
470 2408 548 2458 Preti.
561 2409 649 2457 Lexici
662 2409 838 2470 Sciteiterioni,
858 2410 891 2458 Ut
903 2426 933 2458 m.
942 2415 1067 2473 protecta
1079 2423 1103 2472 p.
1119 2411 1255 2460 eeeiaeetee
1264 2412 1362 2462 amicte.

267 2477 382 2527 Praestet
392 2473 459 2523 hand
473 2473 550 2522 dubie
562 2479 675 2522 veterem
695 2487 726 2522 ac
739 2473 806 2524 enin.
825 2474 915 2537 script.
927 2476 1058 2524 retineret
1072 2475 1219 2525 mota—u
1239 2477 1272 2526 Ut
1285 2477 1360 2526 Perr.

267 2555 292 2590 e.
303 2555 327 2590 e.
339 2552 390 2589 noti
401 2539 542 2602 ineleganti
555 2537 720 2600 repetitione,
734 2537 822 2601 jndice
834 2537 923 2588 Burni.
955 2540 963 2568 ⁴
977 2541 1106 2589 Punctum
1122 2540 1208 2602 irrue:
1222 2540 1259 2590 eit
1271 2541 1360 2590 Dcnee

267 2604 299 2655 Ρ.
311 2605 342 2654 ed
350 2619 431 2666 marg.
442 2603 482 2652 ed.
496 2603 611 2654 κοιιίΙΙ.ι
624 2609 682 2665 poet
694 2599 780 2651 ‘iter'
791 2602 929 2652 tnducend.
946 2611 974 2653 et
984 2605 1063 2668 priori
1077 2604 1186 2654 disticho
1203 2605 1360 2667 appingend.

266 2668 395 2732 puto.’-e
413 2668 445 2716 tt.
464 2681 535 2716 oaaoe
554 2667 626 2717 Frnt.
657 2665 732 2730 Vntg.
752 2668 860 2730 exponit
878 2668 968 2718 Burni.
1002 2669 1204 2730 cogattomoilet
1221 2669 1360 2720 Schrader.

267 2733 376 2784 Emend.
386 2747 442 2795 cop.
454 2738 479 2781 8.
492 2745 517 2794 p.
531 2736 637 2781 ldie-d
655 2731 703 2778 Pro
713 2732 778 2780 dotie
788 2733 812 2780 in
829 2733 903 2781 Voce.
913 2735 937 2780 3.
947 2739 974 2782 et
986 2734 1060 2783 Heri.
1075 2734 1156 2783 motio.-
1174 2733 1242 2784 unde
1259 2733 1278 2784 f.
1291 2737 1361 2794 dotis,

266 2797 304 2848 eit
322 2799 410 2848 Borm.
431 2805 518 2860 posset
529 2795 632 2858 corrigi.
650 2795 712 2856 Sed,
720 2796 793 2846 addit
811 2796 862 2858 tite,
871 2797 935 2845 detio
946 2811 1002 2861 pro,
1012 2797 1170 2859 muneribus,
1188 2807 1260 2848 recte
1280 2813 1360 2864 expo·

264 2871 329 2914 nunt
341 2863 468 2912 Perierat.
479 2870 507 2909 et
521 2861 682 2910 Brenthe-t
694 2861 745 2910 Aut
757 2861 857 2912 Gnatn.
871 2862 941 2911 Leid.
950 2867 974 2912 2.
987 2863 1063 2912 Vuae.
1075 2867 1098 2912 l.
1110 2867 1134 2912 u.
1144 2861 1206 2912 nrt.
1218 2865 1318 2913 Dorev.
1331 2873 1360 2914 et

266 2941 307 2992 pr.
320 2928 379 2977 edd.
404 2927 447 2976 Sic
458 2933 486 2975 et
497 2926 626 2975 cutberti·
642 2925 690 2975 niei
710 2927 776 2991 quod
788 2927 849 2975 houd
868 2927 894 2974 itt
914 2927 1019 2975 eiteriue
1029 2941 1111 2990 marg.
1129 2928 1189 2976 Cena
1198 2929 1271 2977 toelto
1282 2928 1359 2978 Borr.

266 2993 356 3042 Burin.
368 2995 391 3040 1.
402 2991 501 3041 Dicitur
514 2991 618 3039 damnet
630 2991 718 3039 Burni.
731 2990 798 3054 qnod
810 2991 835 3038 in
847 2991 946 3040 Getam.
957 2992 1068 3040 Mentet.
1077 2993 1153 3041 Veto.
1165 2995 1188 3040 l.
1201 2996 1225 3041 t.
1236 3001 1263 3042 et
1275 3007 1321 3042 ino
1334 2999 1358 3044 1.

265 3061 315 3106 -8
335 3055 406 3106 totta
416 3057 488 3105 Vuae.
499 3059 524 3104 t.
536 3055 625 3104 Burni.
639 3059 661 3104 1.
683 3055 759 3105 Veron
765 3054 843 3114 feieee
850 3063 1003 3105 correxerat
1015 3058 1154 3108 Heium—9
1169 3057 1246 3116 Μ.
1261 3057 1358 3108 Dreed.

264 3125 329 3168 -to
341 3120 569 3168 inclimentum.
581 3126 601 3169 1.
613 3119 639 3167 in
648 3133 699 3182 qno
711 3119 790 3167 etiam
802 3119 872 3168 cerdo
884 3121 1021 3182 provincio,
1029 3121 1097 3186 quod
1107 3135 1139 3170 ex
1156 3136 1235 3184 prrec.
1247 3121 1360 3172 disticho

266 3185 333 3234 mele
345 3183 482 3246 repetitum
494 3191 582 3231 censet
592 3183 742 3232 Enim—ll
755 3185 762 3210 ‘
774 3181 922 3233 Intertinnc
934 3193 961 3234 et
974 3201 1050 3248 praec.
1061 3201 1098 3235 vo.
1111 3185 1247 3236 iucunaeet
1259 3187 1359 3252 aliquot

266 3248 444 3307 dietiehcrum,
460 3259 602 3311 quenquam
618 3247 691 3296 nuile
711 3256 834 3310 appareat
850 3248 875 3296 in
897 3249 959 3298 Meo.
975 3251 1024 3299 nisi
1055 3249 1105 3300 ncd
1124 3251 1151 3299 in
1161 3265 1212 3299 nno
1230 3251 1305 3300 Ocib.
1317 3262 1360 3302 eet

265 3314 408 3370 dininctto.
420 3325 476 3362 cnm
489 3312 535 3361 trec
544 3311 694 3374 epigraphe,
707 3311 794 3361 Facete
805 3313 930 3378 Aethiope.
960 3265 1113 3375 ltecodtiqe.
1134 3314 1277 3366 Oboluerut
1289 3317 1360 3379 Cyn·

268 3377 431 3440 thimoeten
451 3377 588 3438 aliqnando
600 3391 656 3424 cum
675 3377 792 3440 Lycinna
808 3392 879 3425 auum
891 3377 1032 3428 Aurelium.
1067 3379 1099 3428 Id
1118 3380 1252 3444 principie
1264 3378 1357 3444 fetens,

265 3442 450 3491 eitineueeae
462 3443 554 3490 anterii
572 3441 716 3490 tiroeinium
735 3441 858 3505 poenieee.
891 3443 955 3492 Pcat
975 3443 1119 3493 adamatam
1140 3459 1200 3492 vero
1219 3445 1358 3507 Cynthium

267 3507 363 3555 nntium
375 3506 423 3554 eibi
435 3505 541 3568 emptica
553 3506 732 3554 commercium
750 3505 829 3556 nitere
847 3519 904 3555 com
916 3507 1048 3570 Lycinna:
1066 3509 1149 3571 ipsam
1167 3508 1255 3573 itaque
1274 3511 1358 3560 mione

268 3579 342 3620 recte
350 3571 485 3630 tectorem,
495 3571 528 3634 ai,
537 3571 615 3619 dnete
625 3571 769 3633 enepicione
780 3569 849 3620 tntttt
862 3580 940 3634 atque
950 3573 1030 3634 inani,
1041 3573 1128 3622 durinc
1139 3573 1235 3624 habere
1246 3575 1306 3623 vetit
1316 3591 1361 3638 pu·

265 3637 342 3685 etiem
354 3635 539 3684 intare-rentem.
573 3636 604 3684 Ei
614 3649 642 3683 ee
659 3637 854 3696 deprecatorem
865 3639 964 3686 venire.
993 3637 1111 3687 Formiae
1123 3639 1191 3687 eninr
1200 3652 1275 3703 qnam
1288 3641 1358 3690 ultra

266 3699 369 3750 niodum
381 3701 480 3749 soleant
491 3701 580 3750 eavire
592 3701 617 3748 in
630 3697 783 3748 vindicando
798 3699 824 3750 h.
842 3701 958 3761 crimine,
972 3715 993 3750 e.
1004 3716 1078 3763 veto,
1089 3718 1111 3751 a.
1128 3701 1204 3764 feteo,
1222 3703 1297 3754 nimie
1314 3707 1359 3754 mi·

264 3764 367 3814 cerubiii
377 3767 495 3829 exempto
506 3763 623 3814 doctrine
634 3763 724 3812 Direea
735 3764 870 3814 immunem
883 3765 992 3815 animum
1003 3783 1009 3816 :
1027 3782 1085 3832 qnae
1094 3775 1178 3816 tamen
1190 3767 1197 3816 i
1218 3783 1247 3816 oa
1257 3769 1359 3818 detritae

267 3837 339 3880 tento
348 3829 439 3880 eceteri
451 3844 538 3893 peenas
549 3829 659 3878 dederit.
683 3826 750 3878 nee
758 3830 856 3894 optime
868 3831 1023 3880 conueniunt
1035 3847 1093 3882 cnm
1106 3847 1143 3882 va.
1154 3782 1288 3897 adnabit
1296 3833 1357 3900 ll.]’

758 3941 863 3993 NOTAE

262 4043 299 4097 ta,
310 4035 377 4086 iieut
385 4043 412 4086 et
421 4035 667 4098 atetierndimente,
676 4035 788 4100 depone·
829 4043 877 4100 eet,
888 4037 1001 4103 dataque
1016 4038 1065 4088 eibi
1077 4039 1182 4090 liberior
1192 4047 1310 4104 potestte
1322 4042 1360 4090 ei·

263 4113 323 4161 bant
334 4129 341 4173 3
359 4111 427 4162 unde
436 4111 498 4162 dieti
510 4113 662 4176 Propertius
672 4127 728 4162 eeee
738 4122 788 4163 ete·
828 4113 903 4162 vendi
912 4111 1013 4176 fnisset,
1025 4129 1040 4163 e
1051 4115 1168 4179 Lycinna
1177 4116 1264 4164 rudem
1274 4115 1358 4166 adhue

264 4189 310 4236 tim
320 4197 396 4253 etqne
408 4197 492 4250 togam
504 4189 601 4237 viritem
614 4187 747 4252 inditium,
759 4203 788 4240 ac
829 4190 937 4238 tironem
949 4190 1041 4238 amoris
1053 4192 1104 4240 iter
1115 4191 1234 4240 edoctum
1246 4189 1334 4240 fnieoe.

262 4265 385 4328 pudorem
405 4266 496 4314 reticio
516 4265 788 4329 pretextadepoenii·
862 4271 891 4315 12
913 4265 1135 4331 Veetrorueaeiro]
1161 4267 1215 4316 Voe
1233 4269 1354 4319 nintieree
1394 4253 1403 4264 ’
