2978 4894
280 403 346 470 tto
607 383 1038 466 steinenbrunnen
1066 462 1070 474 ,

326 561 482 628 lierthiris
493 563 653 626 memorat
667 559 900 625 intercedices
919 557 1109 642 peregrinos
1126 549 1228 622 uuum
1246 551 1380 642 Hispa·

281 667 405 732 uicum.
420 662 577 728 Editores
587 681 667 728 vero
681 671 716 727 et
724 663 830 727 critici
841 681 882 726 ne
891 662 945 726 vel
955 657 1054 726 uriam
1062 661 1244 726 editionem
1254 659 1383 726 aut'liss

281 765 971 850 bulliautcuhrlliautPropertiiindicant3
985 783 1046 831 nec
1058 765 1243 862 quidem-in
1261 767 1305 830 ‘el
1316 765 1383 828 lin:

283 891 365 956 seyo
394 869 436 934 de
462 889 530 934 unu
552 869 764 934 Bibliotheca
790 868 832 932 de
859 865 1079 933 'l'ruductores
1101 867 1303 952 Fspanoles,
1320 889 1382 952 por

284 975 329 1040 D.
356 973 447 1040 Juen
460 971 607 1036 Antonio
627 969 791 1049 Pellicer,'
819 971 890 1035 ulle
914 971 1028 1037 horum
1050 970 1225 1054 poetarum
1249 980 1381 1036 umato-

283 1075 415 1142 riorum'
430 1073 536 1140 versio
551 1093 589 1137 se
611 1074 754 1158 praebet:
776 1073 867 1157 quod
875 1093 917 1136 ne
931 1075 1083 1136 miremur
1091 1080 1208 1138 vetant
1216 1093 1298 1157 quae
1309 1073 1381 1158 jam

284 1181 389 1262 supra
401 1177 491 1241 dictu
504 1182 582 1241 sunt
595 1175 638 1240 de
650 1173 766 1238 Ovidii
780 1173 863 1239 Arte
876 1172 1061 1238 Amatoria.

326 1279 447 1344 Versio
468 1277 662 1343 Theotisca
675 1276 882 1362 quarundam
896 1275 1072 1358 elegiarum
1088 1275 1385 1359 Propertienerum'

276 1385 413 1448 'notatur
426 1379 681 1446 eScbummelio
696 1379 732 1443 in
742 1380 801 1444 der
810 1377 1028 1442 Uebersetzer
1038 1377 1251 1444 bibliotheca.

328 1481 391 1548 Est
407 1483 507 1548 etium
534 1479 813 1547 Franco-Gallica
838 1480 971 1562 elegans
988 1480 1192 1562 quarundam
1214 1480 1382 1564 Propertii

283 1585 461 1668 elegiarum
471 1583 589 1663 versio,
606 1583 685 1648 ant.
701 1581 806 1648 Gillet
820 1580 862 1646 de
878 1581 1018 1648 Moivre.

329 1685 421 1752 Inter
441 1687 612 1752 versiones
635 1685 837 1769 singulorum
851 1685 1033 1768 elegiarum
1050 1684 1211 1767 Anglicus
1226 1686 1383 1769 quaedam

284 1790 386 1854 etiam
398 1788 553 1854 notandre
575 1789 698 1854 suntin
713 1787 944 1854 Miscellaneis
959 1781 1143 1853 Poemenis
1157 1794 1193 1852 et
1206 1787 1383 1852 Versioni-

286 1891 351 1954 bus
372 1891 516 1956 evariis
546 1892 735 1957 auctoribus
757 1889 1018 1968 oxoniensibus,
1044 1889 1149 1954 Lond.
1176 1891 1275 1956 1685.
1305 1890 1381 1955 Sro.

328 1992 449 2078 Neque
461 1993 754 2077 pretermittendee
768 1997 843 2056 sunt
852 1993 966 2076 elegire
982 1993 1112 2077 aliquot
1126 2012 1148 2056 a
1161 1993 1383 2058 viriseriticis

283 2094 320 2160 in
332 2094 480 2176 linguam
494 2093 652 2160 Graecam
667 2113 849 2172 converse,
876 2095 938 2159 sub
954 2093 1055 2159 linem
1071 2093 1230 2160 editionis
1253 2095 1382 2162 Bertbii

286 2195 451 2280 subjecte
466 2217 475 2276 ;
497 2215 628 2280 nempe,
645 2211 668 2258 ι.
691 2197 744 2260 lt.
759 2197 891 2280 interpr.
919 2195 1035 2261 Foder.
1051 2196 1188 2264 hiereli.
1209 2215 1250 2263 ιι.
1264 2199 1318 2262 12.
1334 2198 1382 2261 iu·

284 2297 500 2382 terphflenr.
521 2297 680 2381 Stephun.
698 2315 737 2364 ιι.
751 2298 805 2363 27.
818 2299 952 2383 interpr.
965 2295 1042 2363 Jos.
1057 2299 1179 2384 Scalig.
1195 2315 1254 2364 ιιι.
1267 2303 1321 2366 17.
1336 2301 1383 2364 in·

285 2405 386 2485 terpr.
398 2399 473 2465 eod.

328 2501 453 2569 Omnia
464 2501 687 2588 Propertianu
698 2505 835 2570 metrice
848 2505 927 2570 dure
946 2505 1156 2571 etillnstrare
1170 2505 1382 2591 coepitFrid.

286 2605 366 2674 Ger.
380 2606 634 2672 destrombeck
649 2607 860 2690 Germanice,
875 2611 938 2674 sub
953 2610 1006 2674 tit.
1022 2609 1088 2674 Die
1104 2609 1304 2692 Elegiscben
1317 2608 1383 2677 Ge-

285 2707 470 2776 dicbtedes
481 2709 640 2792 Propere,
650 2711 770 2776 Latein
777 2711 843 2776 und
857 2712 996 2791 Deutsh,
1009 2715 1071 2778 mit
1083 2709 1203 2778 erkl'dr.
1225 2711 1383 2780 Anmerlr.

286 2811 795 2898 Bruusvic.etLips.1803.8vo.
816 2813 913 2880 Tem.
924 2831 949 2880 1.
959 2815 1230 2880 continetlibrum
1242 2817 1384 2900 primum

286 2913 476 2998 elegiarum.
519 2915 616 2980 Idem
631 2917 792 3001 interpres
808 2918 881 3003 jem
903 2917 1107 3001 vulgaverat,
1130 2916 1281 3002 Propera
1298 2919 1385 2984 Kor-

286 3017 377 3086 nelie
390 3017 568 3097 iibersetat¹
581 3023 641 3084 &c
657 3017 754 3085 1801.
769 3021 837 3084 lto.
853 3020 931 3104 maj.
947 3039 1079 3086 unvero
1090 3021 1278 3085 versionem
1289 3041 1384 3086 suam

286 3119 462 3202 perfecerit
476 3120 674 3187 Strombeck
684 3123 863 3188 nescimus.

331 3219 428 3284 Sexti
449 3218 580 3286 Aurelii
600 3221 770 3305 Propertii
785 3223 950 3291 Carmina.
994 3223 1387 3307 Recensutt,i11usuevit

286 3319 491 3387 Christianos
519 3321 725 3406 Theophilus
750 3325 904 3392 Kuinoel.
929 3326 1022 3412 Lips.
1052 3331 1150 3396 leue.
1174 3331 1277 3396 2vol.
1303 3331 1385 3395 Gvo.

287 3421 395 3501 Quod-
414 3422 457 3488 ed
490 3424 789 3508 interpretationes.
803 3428 903 3513 hujus
923 3430 1082 3496 editionis
1111 3437 1254 3516 spectet,
1277 3433 1385 3497 critici

286 3523 478 3592 Germanici
492 3528 572 3592 inter
586 3547 623 3592 se
637 3547 702 3593 non
720 3533 945 3613 consentiunt;
968 3541 1001 3598 et
1013 3535 1147 3619 quidem
1161 3535 1204 3600 de
1216 3535 1270 3600 his
1282 3537 1384 3600 rebus

287 3628 415 3710 asapius
427 3649 497 3694 nen
509 3630 593 3694 bene
601 3632 698 3696 audit
711 3633 785 3698 haec
796 3633 911 3702 editio.
939 3634 1042 3720 Apud
1059 3639 1144 3703 alios
1157 3651 1238 3703 veto
1248 3639 1385 3722 majoris

286 3729 482 3796 estimetur.
497 3739 565 3797 tem
584 3735 637 3797 ob'.
651 3722 778 3799 textum
803 3755 903 3818 quam
920 3739 966 3802 ob
987 3740 1272 3816 commentarium,
1293 3739 1385 3826 (vide

288 3831 441 3917 Effluet)
470 3834 615 3918 ideoque
642 3837 674 3900 in
697 3835 826 3902 edendo
856 3837 1032 3922 Propertio
1060 3847 1190 3904 textum
1205 3833 1385 3906 Kuinoelis

287 3953 349 4017 pro
364 3937 491 4020 optimo
505 3937 613 4002 adbuc
624 3938 713 4002 *duce
725 3940 835 4004 secuti
849 3947 944 4018 sunt,
959 3949 996 4008 ut
1008 3944 1106 4006 etiam
1121 3963 1192 4008 nos.

332 4037 453 4102 Donne
467 4039 577 4104 Boron
592 4042 727 4104 metrice
735 4042 837 4106 vertit
845 4043 880 4106 in
895 4045 1041 4127 linguam
1056 4044 1237 4124 Gallicam,
1254 4047 1384 4128 Quinae
1470 4071 1471 4148 ι

287 4140 422 4224 Flegies
433 4142 657 4226 deProperce
678 4144 803 4210 suivies
817 4145 859 4210 de
875 4147 1057 4231 Fragmens
1070 4149 1113 4214 de
1122 4151 1235 4217 Devid
1251 4159 1287 4218 et
1298 4151 1386 4217 d'uu·

289 4249 355 4308 tres
367 4245 502 4328 poesies
518 4244 799 4312 diverses-Poris.
814 4251 910 4316 1812.
926 4252 1032 4318 ldmo.

332 4344 366 4406 S.
394 4343 519 4411 Aurelii
545 4347 711 4432 Propertii
736 4350 901 4418 Carmina.
948 4353 1143 4421 Emerrduvit
1159 4357 1201 4422 ud
1221 4357 1383 4424 Codicum
